<record><leader>00000cas a22000007a 4500</leader><controlfield tag="001">18922172</controlfield><controlfield tag="008">881219d19671982aluwr ne      0    0eng d</controlfield><datafield ind1=" " ind2=" " tag="010"><subfield code="a">sn 88050232 </subfield></datafield><datafield ind1=" " ind2=" " tag="040"><subfield code="a">AAR</subfield><subfield code="b">eng</subfield><subfield code="c">AAR</subfield><subfield code="d">CPN</subfield><subfield code="d">OCLCQ</subfield></datafield><datafield ind1=" " ind2=" " tag="042"><subfield code="a">msc</subfield></datafield><datafield ind1="0" ind2="4" tag="245"><subfield code="a">The Childersburg star.</subfield></datafield><datafield ind1=" " ind2=" " tag="260"><subfield code="a">Childersburg, Ala. :</subfield><subfield code="b">Frank Clayton,</subfield><subfield code="c">1967-</subfield></datafield><datafield ind1=" " ind2=" " tag="300"><subfield code="a">v.</subfield></datafield><datafield ind1=" " ind2=" " tag="310"><subfield code="a">Weekly</subfield></datafield><datafield ind1="0" ind2=" " tag="362"><subfield code="a">Vol. 1, no. 1 (Dec. 7, 1967)-v. 2, no. 5 (Feb. 1, 1968) ; v. 19, no. 6 (Feb. 8, 1968)-</subfield></datafield><datafield ind1="1" ind2=" " tag="362"><subfield code="a">Ceased on 1982.</subfield></datafield><datafield ind1=" " ind2=" " tag="515"><subfield code="a">Numbering is irregular.</subfield></datafield><datafield ind1=" " ind2=" " tag="752"><subfield code="a">United States</subfield><subfield code="b">Alabama</subfield><subfield code="c">Talladega</subfield><subfield code="d">Childersburg.</subfield></datafield><datafield ind1="0" ind2="0" tag="780"><subfield code="t">Coosa Valley news</subfield><subfield code="w">(DLC)sn 87050345</subfield></datafield><datafield ind1="0" ind2="4" tag="785"><subfield code="t">Sylacauga daily advance</subfield><subfield code="w">(DLC)sn 88050233</subfield></datafield></record>